% This file was created with JabRef 2.8.
% Encoding: Cp1251

@BOOK{Boer1968,
	title = {The Dynamical Character of Adsorption},
	publisher = {Clarendon Press},
	year = {1968},
	author = {J. H. de Boer}, 
	address = {Oxford},
	language = {english}
}

@article{Rowen1949,
  doi = {10.1021/j150471a019},
  url = {https://doi.org/10.1021/j150471a019},
  year = {1949},
  month = jun,
  publisher = {American Chemical Society ({ACS})},
  volume = {53},
  number = {6},
  pages = {921--930},
  author = {John W. Rowen and Robert Simha},
  title = {Interaction of Polymers and Vapors.},
  journal = {The Journal of Physical and Colloid Chemistry}
}

@incollection{Kuntz1974,
  doi = {10.1016/s0065-3233(08)60232-6},
  url = {https://doi.org/10.1016/s0065-3233(08)60232-6},
  year = {1974},
  publisher = {Elsevier},
  pages = {239--345},
  author = {I.D. Kuntz and W. Kauzmann},
  title = {Hydration of Proteins and Polypeptides},
  booktitle = {Advances in Protein Chemistry}
}

@ARTICLE{Feynman:PR:1949,
  author = {Feynman, R. P. and Metropolis, N. and Teller, E.},
  title = {Equations of State of Elements Based on the Generalized Fermi-Thomas Theory},
  journal = {Phys. Rev.},
  year = {1949},
  volume = {75},
  number = {10},
  pages = {1561-1573}
}

@BOOK{Nikiforov:2000,
  title = {Квантово-статистические модели высокотемпературной плазмы},
  publisher = {ФИЗМАТЛИТ},
  year = {2000},
  author = {А. Ф. Никифоров, В. Г. Новиков, В. Б. Уваров},
  address = {Москва},
  language = {russian}
}

