% This file was created with JabRef 2.8.
% Encoding: Cp1251

@BOOK{Boer1968,
	title = {The Dynamical Character of Adsorption},
	publisher = {Clarendon Press},
	year = {1968},
	author = {J. H. de Boer}, 
	address = {Oxford},
	language = {english}
}

@incollection{Kuntz1974,
  doi = {10.1016/s0065-3233(08)60232-6},
  url = {https://doi.org/10.1016/s0065-3233(08)60232-6},
  year = {1974},
  publisher = {Elsevier},
  pages = {239--345},
  author = {I.D. Kuntz and W. Kauzmann},
  title = {Hydration of Proteins and Polypeptides},
  booktitle = {Advances in Protein Chemistry}
}

@article{Bull1944,
  doi = {10.1021/ja01237a025},
  url = {https://doi.org/10.1021/ja01237a025},
  year = {1944},
  month = {sep},
  publisher = {American Chemical Society ({ACS})},
  volume = {66},
  number = {9},
  pages = {1499--1507},
  author = {Henry B. Bull},
  title = {Adsorption of Water Vapor by Proteins1},
  journal = {Journal of the American Chemical Society}
}

@article{Brunauer1938,
  doi = {10.1021/ja01269a023},
  url = {https://doi.org/10.1021/ja01269a023},
  year = {1938},
  month = {feb},
  publisher = {American Chemical Society ({ACS})},
  volume = {60},
  number = {2},
  pages = {309--319},
  author = {Stephen Brunauer and P. H. Emmett and Edward Teller},
  title = {Adsorption of Gases in Multimolecular Layers},
  journal = {Journal of the American Chemical Society}
}

@article{Langmuir1918,
  doi = {10.1021/ja02242a004},
  url = {https://doi.org/10.1021/ja02242a004},
  year = {1918},
  month = {sep},
  publisher = {American Chemical Society ({ACS})},
  volume = {40},
  number = {9},
  pages = {1361--1403},
  author = {Irving Langmuir},
  title = {{THE} {ADSORPTION} {OF} {GASES} {ON} {PLANE} {SURFACES} {OF} {GLASS},  {MICA} {AND} {PLATINUM}.},
  journal = {Journal of the American Chemical Society}
}

@article{Bradley1936,
  doi = {10.1039/jr9360001467},
  url = {https://doi.org/10.1039/jr9360001467},
  year = {1936},
  publisher = {Royal Society of Chemistry ({RSC})},
  pages = {1467},
  author = {R. Stevenson Bradley},
  title = {Polymolecular adsorbed films. Part I. The adsorption of argon on salt crystals at low temperatures,  and the determination of surface fields},
  journal = {Journal of the Chemical Society (Resumed)}
}

@article{VanDongen1971,
  doi = {10.1016/0039-6028(71)90097-5},
  url = {https://doi.org/10.1016/0039-6028(71)90097-5},
  year = {1971},
  month = {nov},
  publisher = {Elsevier {BV}},
  volume = {28},
  number = {1},
  pages = {237--257},
  author = {R.H. Van Dongen and J.H. Kaspersma and J.H. De Boer},
  title = {Physical adsorption at high relative pressures},
  journal = {Surface Science}
}

@incollection{Kauzmann1959,
  doi = {10.1016/s0065-3233(08)60608-7},
  url = {https://doi.org/10.1016/s0065-3233(08)60608-7},
  year = {1959},
  publisher = {Elsevier},
  pages = {1--63},
  author = {W. Kauzmann},
  title = {Some Factors in the Interpretation of Protein Denaturation},
  booktitle = {Advances in Protein Chemistry}
}

@incollection{Rupley1991,
  doi = {10.1016/s0065-3233(08)60197-7},
  url = {https://doi.org/10.1016/s0065-3233(08)60197-7},
  year = {1991},
  publisher = {Elsevier},
  pages = {37--172},
  author = {John A. Rupley and Giorgio Careri},
  title = {Protein Hydration and Function},
  booktitle = {Advances in Protein Chemistry}
}

@article{Levy2006,
  doi = {10.1146/annurev.biophys.35.040405.102134},
  url = {https://doi.org/10.1146/annurev.biophys.35.040405.102134},
  year = {2006},
  month = {jun},
  publisher = {Annual Reviews},
  volume = {35},
  number = {1},
  pages = {389--415},
  author = {Yaakov Levy and Jos{\'{e}} N. Onuchic},
  title = {{WATER} {MEDIATION} {IN} {PROTEIN} {FOLDING} {AND} {MOLECULAR} {RECOGNITION}},
  journal = {Annual Review of Biophysics and Biomolecular Structure}
}

@article{Frauenfelder2009,
  doi = {10.1073/pnas.0900336106},
  url = {https://doi.org/10.1073/pnas.0900336106},
  year = {2009},
  month = {feb},
  publisher = {Proceedings of the National Academy of Sciences},
  volume = {106},
  number = {13},
  pages = {5129--5134},
  author = {H. Frauenfelder and G. Chen and J. Berendzen and P. W. Fenimore and H. Jansson and B. H. McMahon and I. R. Stroe and J. Swenson and R. D. Young},
  title = {A unified model of protein dynamics},
  journal = {Proceedings of the National Academy of Sciences}
}

@article{Daniel2003,
  doi = {10.1146/annurev.biophys.32.110601.142445},
  url = {https://doi.org/10.1146/annurev.biophys.32.110601.142445},
  year = {2003},
  month = {jun},
  publisher = {Annual Reviews},
  volume = {32},
  number = {1},
  pages = {69--92},
  author = {R.M. Daniel and R.V. Dunn and J.L. Finney and J.C. Smith},
  title = {The Role of Dynamics in Enzyme Activity},
  journal = {Annual Review of Biophysics and Biomolecular Structure}
}

@article{Careri1980,
  doi = {10.1038/284572a0},
  url = {https://doi.org/10.1038/284572a0},
  year = {1980},
  month = {apr},
  publisher = {Springer Science and Business Media {LLC}},
  volume = {284},
  number = {5756},
  pages = {572--573},
  author = {G. Careri and E. Gratton and P.-H. Yang and J. A. Rupley},
  title = {Correlation of {IR} spectroscopic,  heat capacity,  diamagnetic susceptibility and enzymatic measurements on lysozyme powder},
  journal = {Nature}
}

@article{Mao2006,
  doi = {10.1016/j.cplett.2006.02.011},
  url = {https://doi.org/10.1016/j.cplett.2006.02.011},
  year = {2006},
  month = {apr},
  publisher = {Elsevier {BV}},
  volume = {421},
  number = {4-6},
  pages = {513--517},
  author = {Shenghua Mao and Alfred Kleinhammes and Yue Wu},
  title = {{NMR} study of water adsorption in single-walled carbon nanotubes},
  journal = {Chemical Physics Letters}
}

@article{Wang2008,
  doi = {10.1126/science.1162412},
  url = {https://doi.org/10.1126/science.1162412},
  year = {2008},
  month = {oct},
  publisher = {American Association for the Advancement of Science ({AAAS})},
  volume = {322},
  number = {5898},
  pages = {80--83},
  author = {H.-J. Wang and X.-K. Xi and A. Kleinhammes and Y. Wu},
  title = {Temperature-Induced Hydrophobic-Hydrophilic Transition Observed by Water Adsorption},
  journal = {Science}
}

@article{Wang2011,
  doi = {10.1103/physreve.83.031924},
  url = {https://doi.org/10.1103/physreve.83.031924},
  year = {2011},
  month = {mar},
  publisher = {American Physical Society ({APS})},
  volume = {83},
  number = {3},
  author = {Hai-Jing Wang and Alfred Kleinhammes and Pei Tang and Yan Xu and Yue Wu},
  title = {Temperature dependence of lysozyme hydration and the role of elastic energy},
  journal = {Physical Review E}
}

@article{Huggins1943,
  doi = {10.1111/j.1749-6632.1943.tb52763.x},
  url = {https://doi.org/10.1111/j.1749-6632.1943.tb52763.x},
  year = {1943},
  month = {nov},
  publisher = {Wiley},
  volume = {44},
  number = {4},
  pages = {431--443},
  author = {Maurice L. Huggins},
  title = {{THERMODYNAMIC} {PROPERTIES} {OF} {SOLUTIONS} {OF} {HIGH} {POLYMERS}: {THE} {EMPIRICAL} {CONSTANT} {IN} {THE} {ACTIVITY} {EQUATION}},
  journal = {Annals of the New York Academy of Sciences}
}


@article{Flory1942,
  doi = {10.1063/1.1723621},
  url = {https://doi.org/10.1063/1.1723621},
  year = {1942},
  month = {jan},
  publisher = {{AIP} Publishing},
  volume = {10},
  number = {1},
  pages = {51--61},
  author = {Paul J. Flory},
  title = {Thermodynamics of High Polymer Solutions},
  journal = {The Journal of Chemical Physics}
}

@article{Doster1986,
  doi = {10.1016/s0006-3495(86)83455-5},
  url = {https://doi.org/10.1016/s0006-3495(86)83455-5},
  year = {1986},
  month = {aug},
  publisher = {Elsevier {BV}},
  volume = {50},
  number = {2},
  pages = {213--219},
  author = {W. Doster and A. Bachleitner and R. Dunau and M. Hiebl and E. L\"{u}scher},
  title = {Thermal properties of water in myoglobin crystals and solutions at subzero temperatures},
  journal = {Biophysical Journal}
}

@article{Scatchard1931,
  doi = {10.1021/cr60030a010},
  url = {https://doi.org/10.1021/cr60030a010},
  year = {1931},
  month = {apr},
  publisher = {American Chemical Society ({ACS})},
  volume = {8},
  number = {2},
  pages = {321--333},
  author = {George. Scatchard},
  title = {Equilibria in Non-electrolyte Solutions in Relation to the Vapor Pressures and Densities of the Components.},
  journal = {Chemical Reviews}
}

@article{Rowen1949,
  doi = {10.1021/j150471a019},
  url = {https://doi.org/10.1021/j150471a019},
  year = {1949},
  month = {jun},
  publisher = {American Chemical Society ({ACS})},
  volume = {53},
  number = {6},
  pages = {921--930},
  author = {John W. Rowen and Robert Simha},
  title = {Interaction of Polymers and Vapors.},
  journal = {The Journal of Physical and Colloid Chemistry}
}

@article{Staverman1937,
  doi = {10.1002/recl.19370560908},
  url = {https://doi.org/10.1002/recl.19370560908},
  year = {1937},
  publisher = {Wiley},
  volume = {56},
  number = {9},
  pages = {885--890},
  author = {A. J. Staverman},
  title = {The cohesive energy of liquid mixtures I},
  journal = {Recueil des Travaux Chimiques des Pays-Bas}
}

@book{flory1953principles,
  title={Principles of Polymer Chemistry},
  author={Flory, P.J.},
  isbn={9780801401343},
  lccn={lc53013473},
  series={Baker lectures 1948},
  url={https://books.google.com/books?id=CQ0EbEkT5R0C},
  year={1953},
  publisher={Cornell University Press}
}

@article{Diakova2007,
  doi = {10.1016/j.jmr.2007.09.005},
  url = {https://doi.org/10.1016/j.jmr.2007.09.005},
  year = {2007},
  month = {dec},
  publisher = {Elsevier {BV}},
  volume = {189},
  number = {2},
  pages = {166--172},
  author = {Galina Diakova and Yanina A. Goddard and Jean-Pierre Korb and Robert G. Bryant},
  title = {Changes in protein structure and dynamics as a function of hydration from 1H second moments},
  journal = {Journal of Magnetic Resonance}
}

@book{abragam1983principles,
  title={The Principles of Nuclear Magnetism},
  author={Abragam, A.},
  isbn={9780198520146},
  lccn={61002889},
  series={International Series of Monogr},
  url={https://books.google.ru/books?id=9M8U\_JK7K54C},
  year={1983},
  publisher={Clarendon Press}
}

@article{Millero1976,
  doi = {10.1016/s0021-9258(17)33347-1},
  url = {https://doi.org/10.1016/s0021-9258(17)33347-1},
  year = {1976},
  month = {jul},
  publisher = {Elsevier {BV}},
  volume = {251},
  number = {13},
  pages = {4001--4004},
  author = {F J Millero and G K Ward and P Chetirkin},
  title = {Partial specific volume,  expansibility,  compressibility,  and heat capacity of aqueous lysozyme solutions.},
  journal = {Journal of Biological Chemistry}
}

@article{Gorelov1987,
  doi = {10.1016/0301-4622(87)80090-x},
  url = {https://doi.org/10.1016/0301-4622(87)80090-x},
  year = {1987},
  month = {dec},
  publisher = {Elsevier {BV}},
  volume = {28},
  number = {3},
  pages = {199--205},
  author = {A.V. Gorelov and V.N. Morozov},
  title = {Mechanical denaturation of globular protein in the solid state},
  journal = {Biophysical Chemistry}
}

@misc{Sauter2001pdb,
  doi = {10.2210/pdb1iee/pdb},
  url = {https://doi.org/10.2210/pdb1iee/pdb},
  year = {2001},
  month = {aug},
  publisher = {Worldwide Protein Data Bank},
  author = {C. Sauter and F. Otalora and J.-A. Gavira and O. Vidal and R. Giege and J.-M. Garcia-Ruiz},
  title = {{STRUCTURE} {OF} {TETRAGONAL} {HEN} {EGG} {WHITE} {LYSOZYME} {AT} 0.94 A {FROM} {CRYSTALS} {GROWN} {BY} {THE} {COUNTER}-{DIFFUSION} {METHOD}}
}


@article{Pettersen2004,
  doi = {10.1002/jcc.20084},
  url = {https://doi.org/10.1002/jcc.20084},
  year = {2004},
  publisher = {Wiley},
  volume = {25},
  number = {13},
  pages = {1605--1612},
  author = {Eric F. Pettersen and Thomas D. Goddard and Conrad C. Huang and Gregory S. Couch and Daniel M. Greenblatt and Elaine C. Meng and Thomas E. Ferrin},
  title = {{UCSF} Chimera?A visualization system for exploratory research and analysis},
  journal = {Journal of Computational Chemistry}
}

@article{Dolinsky2007,
  doi = {10.1093/nar/gkm276},
  url = {https://doi.org/10.1093/nar/gkm276},
  year = {2007},
  month = {may},
  publisher = {Oxford University Press ({OUP})},
  volume = {35},
  number = {Web Server},
  pages = {W522--W525},
  author = {T. J. Dolinsky and P. Czodrowski and H. Li and J. E. Nielsen and J. H. Jensen and G. Klebe and N. A. Baker},
  title = {{PDB}2PQR: expanding and upgrading automated preparation of biomolecular structures for molecular simulations},
  journal = {Nucleic Acids Research}
}

@article{Dolinsky2004,
  doi = {10.1093/nar/gkh381},
  url = {https://doi.org/10.1093/nar/gkh381},
  year = {2004},
  month = {jul},
  publisher = {Oxford University Press ({OUP})},
  volume = {32},
  number = {Web Server},
  pages = {W665--W667},
  author = {T. J. Dolinsky and J. E. Nielsen and J. A. McCammon and N. A. Baker},
  title = {{PDB}2PQR: an automated pipeline for the setup of Poisson-Boltzmann electrostatics calculations},
  journal = {Nucleic Acids Research}
}

@article{Sauter2001,
  doi = {10.1107/s0907444901008873},
  url = {https://doi.org/10.1107/s0907444901008873},
  year = {2001},
  month = {jul},
  publisher = {International Union of Crystallography ({IUCr})},
  volume = {57},
  number = {8},
  pages = {1119--1126},
  author = {Claude Sauter and Fermin Ot{\'{a}}lora and Jos{\'{e}}-Antonio Gavira and Olga Vidal and Richard Gieg{\'{e}} and Juan Ma. Garc{\'{\i}}a-Ruiz},
  title = {Structure of tetragonal hen egg-white lysozyme at 0.94{\hspace{0.25em}}{\AA} from crystals grown by the counter-diffusion method},
  journal = {Acta Crystallographica Section D Biological Crystallography}
}

@article{Olsson2011,
  doi = {10.1021/ct100578z},
  url = {https://doi.org/10.1021/ct100578z},
  year = {2011},
  month = {jan},
  publisher = {American Chemical Society ({ACS})},
  volume = {7},
  number = {2},
  pages = {525--537},
  author = {Mats H. M. Olsson and Chresten R. S{\o}ndergaard and Michal Rostkowski and Jan H. Jensen},
  title = {{PROPKA}3: Consistent Treatment of Internal and Surface Residues in Empirical {pKa} Predictions},
  journal = {Journal of Chemical Theory and Computation}
}