% This file was created with JabRef 2.8.
% Encoding: Cp1251

@BOOK{Boer1968,
	title = {The Dynamical Character of Adsorption},
	publisher = {Clarendon Press},
	year = {1968},
	author = {J. H. de Boer}, 
	address = {Oxford},
	language = {english}
}

@article{Rowen1949,
  doi = {10.1021/j150471a019},
  url = {https://doi.org/10.1021/j150471a019},
  year = {1949},
  month = {jun},
  publisher = {American Chemical Society ({ACS})},
  volume = {53},
  number = {6},
  pages = {921--930},
  author = {John W. Rowen and Robert Simha},
  title = {Interaction of Polymers and Vapors},
  journal = {The Journal of Physical and Colloid Chemistry}
}

@incollection{Kuntz1974,
  doi = {10.1016/s0065-3233(08)60232-6},
  url = {https://doi.org/10.1016/s0065-3233(08)60232-6},
  year = {1974},
  publisher = {Elsevier},
  pages = {239--345},
  author = {I.D. Kuntz and W. Kauzmann},
  title = {Hydration of Proteins and Polypeptides},
  booktitle = {Advances in Protein Chemistry}
}

@article{Bull1944,
  doi = {10.1021/ja01237a025},
  url = {https://doi.org/10.1021/ja01237a025},
  year = {1944},
  month = {sep},
  publisher = {American Chemical Society ({ACS})},
  volume = {66},
  number = {9},
  pages = {1499--1507},
  author = {Henry B. Bull},
  title = {Adsorption of Water Vapor by Proteins1},
  journal = {Journal of the American Chemical Society}
}

@article{Brunauer1938,
  doi = {10.1021/ja01269a023},
  url = {https://doi.org/10.1021/ja01269a023},
  year = {1938},
  month = {feb},
  publisher = {American Chemical Society ({ACS})},
  volume = {60},
  number = {2},
  pages = {309--319},
  author = {Stephen Brunauer and P. H. Emmett and Edward Teller},
  title = {Adsorption of Gases in Multimolecular Layers},
  journal = {Journal of the American Chemical Society}
}

@article{Langmuir1918,
  doi = {10.1021/ja02242a004},
  url = {https://doi.org/10.1021/ja02242a004},
  year = {1918},
  month = {sep},
  publisher = {American Chemical Society ({ACS})},
  volume = {40},
  number = {9},
  pages = {1361--1403},
  author = {Irving Langmuir},
  title = {{THE} {ADSORPTION} {OF} {GASES} {ON} {PLANE} {SURFACES} {OF} {GLASS},  {MICA} {AND} {PLATINUM}.},
  journal = {Journal of the American Chemical Society}
}

@article{Bradley1936,
  doi = {10.1039/jr9360001467},
  url = {https://doi.org/10.1039/jr9360001467},
  year = {1936},
  publisher = {Royal Society of Chemistry ({RSC})},
  pages = {1467},
  author = {R. Stevenson Bradley},
  title = {Polymolecular adsorbed films. Part I. The adsorption of argon on salt crystals at low temperatures,  and the determination of surface fields},
  journal = {Journal of the Chemical Society (Resumed)}
}

@article{VanDongen1971,
  doi = {10.1016/0039-6028(71)90097-5},
  url = {https://doi.org/10.1016/0039-6028(71)90097-5},
  year = {1971},
  month = {nov},
  publisher = {Elsevier {BV}},
  volume = {28},
  number = {1},
  pages = {237--257},
  author = {R.H. Van Dongen and J.H. Kaspersma and J.H. De Boer},
  title = {Physical adsorption at high relative pressures},
  journal = {Surface Science}
}

@BOOK{Gambosh:1951,
  title = {Статистическая теория атома и её применения},
  publisher = {Издательство Иностранной Литературы},
  year = {1951},
  author = {П. Гамбош},
  address = {Москва},
  language = {russian}
}

@ARTICLE{Wigner:PR:1934,
  author = {Wigner, E.},
  journal = {Phys. Rev.},
  year = {1934},
  volume = {46},
  pages = {1002},
  language = {english}
}
