% This file was created with JabRef 2.8.
% Encoding: Cp1251

@BOOK{Gambosh:1951,
  title = {Статистическая теория атома и её применения},
  publisher = {Издательство Иностранной Литературы},
  year = {1951},
  author = {П. Гамбош},
  address = {Москва},
  language = {russian}
}

@ARTICLE{Wigner:PR:1934,
  author = {Wigner, E.},
  journal = {Phys. Rev.},
  year = {1934},
  volume = {46},
  pages = {1002},
  language = {english}
}

@ARTICLE{Thomas:PCPS:1926,
  author = {Thomas, L.H.},
  journal = {Proc. Cambr. Phil. Soc.},
  year = {1926},
  volume = {23},
  pages = {542},
  language = {english}
}

@ARTICLE{Fermi:RAL:1927,
  author = {Fermi, E.},
  journal = {Rend. Ac. Lincei},
  year = {1927},
  volume = {6},
  pages = {602},
  language = {english}
}

@ARTICLE{Feynman:PR:1949,
  author = {Feynman, R. P. and Metropolis, N. and Teller, E.},
  title = {Equations of State of Elements Based on the Generalized Fermi-Thomas Theory},
  journal = {Phys. Rev.},
  year = {1949},
  volume = {75},
  number = {10},
  pages = {1561-1573}
}

@BOOK{Nikiforov:2000,
  title = {Квантово-статистические модели высокотемпературной плазмы},
  publisher = {ФИЗМАТЛИТ},
  year = {2000},
  author = {А. Ф. Никифоров, В. Г. Новиков, В. Б. Уваров},
  address = {Москва},
  language = {russian}
}

@ARTICLE{Kirzhnits:SPU:1975,
  author = {Д. А. Киржниц, Ю. Е. Лозовик, Г. В. Шпатаковская},
  title = {Статистическая модель вещества},
  journal = {УФН},
  year = {1975},
  volume = {117},
  number = {1},
  pages = {3-47}
}

@ARTICLE{Dirac:PCPS:1930,
  author = {P. A. M. Dirac},
  journal = {Proc. Cambr. Phil. Soc.},
  year = {1930},
  volume = {26},
  pages = {376}
}

@ARTICLE{Weizsacker:ZP:1935,
  author = {C. F. Weizsacker},
  journal = {Zs. f. Phys.},
  year = {1935},
  volume = {96},
  pages = {431}
}

@ARTICLE{Gombas:ZP:1943,
  author = {P. Gombas},
  journal = {Zs. f. Phys.},
  year = {1943},
  volume = {121},
  pages = {523}
}

@ARTICLE{Kirzhnits:JETP:1957,
  author = {Д. А. Киржниц},
  journal = {ЖЭТФ},
  year = {1957},
  volume = {32},
  number = {1},
  pages = {115}
}

@BOOK{Zaitsev:2004,
  title = {Статистическая физика},
  publisher = {МФТИ},
  year = {2004},
  author = {Р. О. Зайцев},
  address = {Москва},
  language = {russian}
}

@ARTICLE{Kalitkin:1975,
  author = {Н. Н. Калиткин, Л. В. Кузьмина},
  title = {Таблицы термодинамических функций вещества при высокой концентрации энергии},
  journal = {Препринт, ИПМ АН СССР},
  year = {1975}
}

@ARTICLE{Antia:AJSS:1993,
  author = {H. M. Antia},
  title = {Rational Function Approximations for Fermi-Dirac Integrals},
  journal = {The Astrophysical Journal Supplement Series},
  year = {1993},
  volume = {84},
  pages = {101-108}
}

@ARTICLE{Shpatakovskaya:IPM:1984,
  author = {Г. В. Шпатаковская},
  journal = {Препринт ИПМ},
  year = {1984},
  number = {8},
 }

@ARTICLE{GSL,
  author = {Scientific Library GNU},
  title = {www.gnu.org/software/gsl/}
 }
