% This file was created with JabRef 2.8.
% Encoding: Cp1251

@BOOK{Boer1968,
	title = {The Dynamical Character of Adsorption},
	publisher = {Clarendon Press},
	year = {1968},
	author = {J. H. de Boer}, 
	address = {Oxford},
	language = {english}
}

@article{Rowen1949,
  doi = {10.1021/j150471a019},
  url = {https://doi.org/10.1021/j150471a019},
  year = {1949},
  month = {jun},
  publisher = {American Chemical Society ({ACS})},
  volume = {53},
  number = {6},
  pages = {921--930},
  author = {John W. Rowen and Robert Simha},
  title = {Interaction of Polymers and Vapors},
  journal = {The Journal of Physical and Colloid Chemistry}
}

@incollection{Kuntz1974,
  doi = {10.1016/s0065-3233(08)60232-6},
  url = {https://doi.org/10.1016/s0065-3233(08)60232-6},
  year = {1974},
  publisher = {Elsevier},
  pages = {239--345},
  author = {I.D. Kuntz and W. Kauzmann},
  title = {Hydration of Proteins and Polypeptides},
  booktitle = {Advances in Protein Chemistry}
}

@BOOK{Gambosh:1951,
  title = {Статистическая теория атома и её применения},
  publisher = {Издательство Иностранной Литературы},
  year = {1951},
  author = {П. Гамбош},
  address = {Москва},
  language = {russian}
}

@ARTICLE{Wigner:PR:1934,
  author = {Wigner, E.},
  journal = {Phys. Rev.},
  year = {1934},
  volume = {46},
  pages = {1002},
  language = {english}
}
